%YAML 1.1
%TAG !u! tag:unity3d.com,2011:
--- !u!1 &100000
GameObject:
  m_ObjectHideFlags: 0
  m_PrefabParentObject: {fileID: 0}
  m_PrefabInternal: {fileID: 100100000}
  serializedVersion: 4
  m_Component:
  - 4: {fileID: 400000}
  - 114: {fileID: 11400000}
  - 114: {fileID: 11400006}
  - 33: {fileID: 3300000}
  - 23: {fileID: 2300000}
  m_Layer: 8
  m_Name: Sky Cloud
  m_TagString: Untagged
  m_Icon: {fileID: 0}
  m_NavMeshLayer: 0
  m_StaticEditorFlags: 0
  m_IsActive: 1
--- !u!1002 &100001
EditorExtensionImpl:
  serializedVersion: 6
--- !u!4 &400000
Transform:
  m_ObjectHideFlags: 1
  m_PrefabParentObject: {fileID: 0}
  m_PrefabInternal: {fileID: 100100000}
  m_GameObject: {fileID: 100000}
  m_LocalRotation: {x: 0, y: 0, z: 0, w: 1}
  m_LocalPosition: {x: 0, y: 0, z: 0}
  m_LocalScale: {x: 1, y: 1, z: 1}
  m_Children: []
  m_Father: {fileID: 0}
--- !u!1002 &400001
EditorExtensionImpl:
  serializedVersion: 6
--- !u!23 &2300000
Renderer:
  m_ObjectHideFlags: 1
  m_PrefabParentObject: {fileID: 0}
  m_PrefabInternal: {fileID: 100100000}
  m_GameObject: {fileID: 100000}
  m_Enabled: 1
  m_CastShadows: 1
  m_ReceiveShadows: 0
  m_LightmapIndex: 255
  m_LightmapTilingOffset: {x: 1, y: 1, z: 0, w: 0}
  m_Materials:
  - {fileID: 2100000, guid: 4e674a9e1f53fdc469e1ab4c96df2724, type: 2}
  m_SubsetIndices: 
  m_StaticBatchRoot: {fileID: 0}
  m_UseLightProbes: 0
  m_LightProbeAnchor: {fileID: 0}
  m_ScaleInLightmap: 1
--- !u!1002 &2300001
EditorExtensionImpl:
  serializedVersion: 6
--- !u!33 &3300000
MeshFilter:
  m_ObjectHideFlags: 1
  m_PrefabParentObject: {fileID: 0}
  m_PrefabInternal: {fileID: 100100000}
  m_GameObject: {fileID: 100000}
  m_Mesh: {fileID: 0}
--- !u!1002 &3300001
EditorExtensionImpl:
  serializedVersion: 6
--- !u!114 &11400000
MonoBehaviour:
  m_ObjectHideFlags: 1
  m_PrefabParentObject: {fileID: 0}
  m_PrefabInternal: {fileID: 100100000}
  m_GameObject: {fileID: 100000}
  m_Enabled: 1
  m_EditorHideFlags: 0
  m_Script: {fileID: 11500000, guid: 4524121f897b7ee4995ac0132d2dfd83, type: 3}
  m_Name: 
  m_EditorClassIdentifier: 
  m_ParticleData: {fileID: 11400004}
  m_CreatorData: {fileID: 11400002}
  m_CloudRendererType: 3
  m_ParticleMaterial: {fileID: 2100000, guid: 4e674a9e1f53fdc469e1ab4c96df2724, type: 2}
  m_XTile: 4
  m_YTile: 4
  m_Tint: {r: .932835817, g: .932835817, b: .932835817, a: 1}
  m_VerticalShadingInfluence: .80479455
  m_ShadingGroupInfluence: .195205465
  m_Scale: 100
  m_Fading: 1
  verticalColors:
  - isPermanent: 1
    verticalFactor: 0
    color: {r: .549019635, g: .627451003, b: .698039234, a: 1}
  - isPermanent: 1
    verticalFactor: 1
    color: {r: 1, g: 1, b: 1, a: 1}
  m_Sun: {fileID: 0}
  shadingGroups:
  - name: Shading Group
    center: {x: 1.5461036, y: -.675741017, z: -.106223464}
    shapeColor: {r: 0, g: 1, b: .0349650383, a: 1}
  - name: Shading Group 2
    center: {x: -1.37281454, y: .60673362, z: 1.59839857}
    shapeColor: {r: 0, g: .244755268, b: 1, a: 1}
  shadingColors:
  - isPermanent: 1
    shadingFactor: -1
    color: {r: 1, g: 1, b: 1, a: 1}
  - isPermanent: 1
    shadingFactor: 1
    color: {r: .556862772, g: .635294139, b: .709803939, a: 1}
--- !u!1002 &11400001
EditorExtensionImpl:
  serializedVersion: 6
--- !u!114 &11400002
MonoBehaviour:
  m_ObjectHideFlags: 0
  m_PrefabParentObject: {fileID: 0}
  m_PrefabInternal: {fileID: 0}
  m_GameObject: {fileID: 0}
  m_Enabled: 1
  m_EditorHideFlags: 0
  m_Script: {fileID: 11500000, guid: 0a13b28b4e0ae3b4bb7b8b766e37023d, type: 3}
  m_Name: CreatorData
  m_EditorClassIdentifier: 
  density: .870036125
  boxShapes:
  - particleCount: 100
    position: {x: -2.21057773, y: .517181337, z: 1.26339388}
    rotation: {x: -0, y: 63.1222191, z: 0}
    scale: {x: 4, y: 2.5, z: 2.5}
    particleGroupIndex: 0
    shadingGroupIndex: 1
  - particleCount: 100
    position: {x: 0, y: -.938398004, z: -.0379390717}
    rotation: {x: -0, y: 0, z: 0}
    scale: {x: 3, y: 2.5, z: 3.22377396}
    particleGroupIndex: 0
    shadingGroupIndex: 0
  - particleCount: 100
    position: {x: 1.42316234, y: -.196179196, z: .0810546875}
    rotation: {x: -0, y: 0, z: 3.85461378}
    scale: {x: 3, y: 2.61309814, z: 2.79999995}
    particleGroupIndex: 0
    shadingGroupIndex: 0
  - particleCount: 100
    position: {x: 3.14286518, y: -.840507507, z: -.183567047}
    rotation: {x: -0, y: 14.7486343, z: 0}
    scale: {x: 3, y: 2.70000005, z: 2.9000001}
    particleGroupIndex: 0
    shadingGroupIndex: 0
  - particleCount: 100
    position: {x: -.750391781, y: .629339516, z: 1.8908124}
    rotation: {x: -0, y: 63.1222191, z: 0}
    scale: {x: 3.75063181, y: 3.25867939, z: 2.9000001}
    particleGroupIndex: 0
    shadingGroupIndex: 1
  particleGroups:
  - name: Particle Group
    shapeColor: {r: 1, g: .921568632, b: .0156862754, a: 1}
    particleTypes:
    - uvIndex: 6
      minimumRotation: -180
      maximumRotation: 180
      squared: 1
      minimumXSize: 1
      maximumXSize: 2
      minimumYSize: 1
      maximumYSize: 1
      creationProbability: .242622346
    - uvIndex: 7
      minimumRotation: -180
      maximumRotation: 180
      squared: 1
      minimumXSize: 1
      maximumXSize: 2
      minimumYSize: 1
      maximumYSize: 1
      creationProbability: .443326652
    - uvIndex: 10
      minimumRotation: -180
      maximumRotation: 180
      squared: 1
      minimumXSize: 1
      maximumXSize: 2
      minimumYSize: 1
      maximumYSize: 1
      creationProbability: .314050972
--- !u!1002 &11400003
EditorExtensionImpl:
  serializedVersion: 6
--- !u!114 &11400004
MonoBehaviour:
  m_ObjectHideFlags: 0
  m_PrefabParentObject: {fileID: 0}
  m_PrefabInternal: {fileID: 0}
  m_GameObject: {fileID: 0}
  m_Enabled: 1
  m_EditorHideFlags: 0
  m_Script: {fileID: 11500000, guid: 93846c0928bbe4241b42f8f22a7e8758, type: 3}
  m_Name: ParticleData
  m_EditorClassIdentifier: 
  m_Positions:
  - {x: -2.54508305, y: .538373232, z: 2.10681939}
  - {x: -2.45590615, y: .346593976, z: 1.89751792}
  - {x: -2.72828078, y: .239395767, z: 1.66943681}
  - {x: -3.0092299, y: .833789647, z: 2.40509081}
  - {x: -2.78435278, y: 1.12089419, z: 1.90685773}
  - {x: -1.96084154, y: .530924797, z: 1.60524666}
  - {x: -1.92280543, y: .3037166, z: 2.05543923}
  - {x: -2.54583549, y: 1.00784254, z: 1.04806232}
  - {x: -1.89144385, y: .0326606333, z: .189262837}
  - {x: -2.36078763, y: .331368446, z: 2.56864882}
  - {x: -1.32296813, y: .734304547, z: 1.04379368}
  - {x: -1.87686026, y: .797685862, z: 1.63398767}
  - {x: -2.4268384, y: .218585014, z: 1.20078945}
  - {x: -2.34288073, y: .908819199, z: 2.58749628}
  - {x: -1.83017135, y: .821582556, z: 1.22050571}
  - {x: -2.45834184, y: .754280448, z: 1.2101773}
  - {x: -1.35686171, y: .864667475, z: .522762477}
  - {x: -1.27172065, y: .664014399, z: .658336997}
  - {x: -2.79920578, y: .19350338, z: 1.92742062}
  - {x: -1.65679896, y: .0614123046, z: .784763038}
  - {x: -2.69546604, y: .907061934, z: 2.11415029}
  - {x: -1.94958556, y: .948388338, z: 1.42398334}
  - {x: -2.73546815, y: .416726351, z: 2.37528944}
  - {x: -2.67913914, y: .627188981, z: 1.65062952}
  - {x: -2.43489575, y: .218404889, z: .715697765}
  - {x: -1.75104451, y: .297966003, z: .479643703}
  - {x: -1.88954628, y: .463265389, z: .749220431}
  - {x: -1.7727052, y: .262117803, z: 1.05101466}
  - {x: -2.37071753, y: .270140052, z: 1.4879967}
  - {x: -2.04614973, y: .692320704, z: -.256529719}
  - {x: -2.79551482, y: .83290267, z: 1.78286171}
  - {x: -2.05996776, y: .39927879, z: .666790307}
  - {x: -2.32627606, y: .71461457, z: 1.5260154}
  - {x: -1.62854838, y: .364292145, z: .790072441}
  - {x: -1.82209814, y: .879067004, z: .820375264}
  - {x: -1.88777244, y: .4237656, z: 1.35838854}
  - {x: -2.23189902, y: 1.00914049, z: .167206392}
  - {x: -2.29577637, y: .011928618, z: 1.84909773}
  - {x: -2.20314407, y: .300212443, z: 1.1534915}
  - {x: -2.75520825, y: .729521573, z: 1.32072937}
  - {x: -2.00702453, y: 1.13251364, z: 1.1248318}
  - {x: -1.64859641, y: .145988971, z: 1.68906367}
  - {x: -1.1254797, y: .259263128, z: .390873849}
  - {x: -2.34364009, y: .842707992, z: .710952461}
  - {x: -1.88621664, y: .526088476, z: 1.91493833}
  - {x: -1.70300233, y: 1.21710861, z: .6446383}
  - {x: -2.80790734, y: .769881189, z: 2.3923223}
  - {x: -2.13287115, y: .542332053, z: 1.90706384}
  - {x: -2.24631333, y: .603896141, z: .335509717}
  - {x: -2.35598397, y: 1.06731308, z: .584497213}
  - {x: -2.22390842, y: .394788921, z: 2.19943714}
  - {x: -1.5412358, y: .596239388, z: .704165757}
  - {x: .220790192, y: -.886113524, z: -.306613803}
  - {x: .227614254, y: -.669500649, z: -.0474642925}
  - {x: .392040282, y: -1.59385753, z: -.301733464}
  - {x: -.12060833, y: -1.29611707, z: .120223969}
  - {x: -.562894523, y: -1.28530407, z: .667479277}
  - {x: .369529992, y: -.97570318, z: .627304077}
  - {x: -.405190617, y: -1.10917079, z: -.34230423}
  - {x: .283386379, y: -.500810087, z: -.269259274}
  - {x: .787663281, y: -1.51292765, z: .292151749}
  - {x: -.125095546, y: -.898333609, z: -1.01217699}
  - {x: -.341087908, y: -.832180977, z: -.0219435729}
  - {x: .105913557, y: -1.54256976, z: .927542567}
  - {x: .119658634, y: -.449456155, z: .390871078}
  - {x: -.783601165, y: -.564575315, z: -.0320730619}
  - {x: .238467991, y: -1.39219356, z: -1.07731664}
  - {x: .289974689, y: -.727290988, z: .4184663}
  - {x: .583810449, y: -1.22996581, z: .389703184}
  - {x: -.0338573083, y: -1.03417397, z: .629661441}
  - {x: .305637479, y: -1.1779418, z: -.0812541991}
  - {x: .462204158, y: -.636924863, z: -.886035681}
  - {x: -.44516167, y: -1.329826, z: -.537544906}
  - {x: -.420261592, y: -1.04661357, z: -.668007076}
  - {x: -.632911444, y: -.577252626, z: -.943257809}
  - {x: -.723355353, y: -.523396194, z: .149087623}
  - {x: .231126115, y: -.389240801, z: .763690412}
  - {x: -.0977642089, y: -1.54763258, z: -.930401504}
  - {x: .358907551, y: -1.07776666, z: .223469168}
  - {x: -.569137275, y: -.706854582, z: .232287019}
  - {x: .308089316, y: -.581377029, z: -.613080204}
  - {x: .668065846, y: -1.10214472, z: .00916688889}
  - {x: .616558969, y: -.351505399, z: .950620294}
  - {x: .683139205, y: -.448516339, z: -.824849427}
  - {x: -.541032434, y: -1.39857757, z: -.143199921}
  - {x: .692807376, y: -1.18118942, z: .56589365}
  - {x: -.964624286, y: -.865701437, z: -.153740749}
  - {x: -.555181384, y: -.847692788, z: -.466826916}
  - {x: .865364969, y: -.626874208, z: .971284032}
  - {x: -.869746327, y: -1.53228664, z: .342467993}
  - {x: .674680591, y: -.703945518, z: -.26382792}
  - {x: .0168303233, y: -.515386462, z: -.649420261}
  - {x: -.76314503, y: -1.15623784, z: -.892534733}
  - {x: .479223609, y: -1.24561644, z: .794507205}
  - {x: -.122956313, y: -.808521092, z: .354945213}
  - {x: -.799621642, y: -1.54655647, z: -.514825106}
  - {x: -.372430176, y: -.635164976, z: -.683599293}
  - {x: -.39560923, y: -.904240847, z: .416529834}
  - {x: .383489013, y: -1.24221563, z: -.614011645}
  - {x: .505539775, y: -1.46879768, z: .0957388729}
  - {x: -.269678444, y: -.812624872, z: -.444552034}
  - {x: .0257262029, y: -1.48102045, z: .711055219}
  - {x: -.584871411, y: -.889117658, z: -.161599785}
  - {x: -.177007735, y: -.61042583, z: -.179661229}
  - {x: .982182145, y: -.55536902, z: .691164613}
  - {x: 1.85980284, y: -.795885086, z: -.567661822}
  - {x: .789374948, y: -.0645922795, z: .545565546}
  - {x: 2.13426018, y: .211812019, z: -.112135872}
  - {x: 1.60321426, y: .0119956974, z: .47315377}
  - {x: 1.83344007, y: .148966596, z: -.116032302}
  - {x: .646098495, y: -.740092278, z: -.611166894}
  - {x: 1.74727917, y: -.561769545, z: .424168438}
  - {x: .97733146, y: -.299819559, z: -.500051558}
  - {x: 1.33500719, y: .599640548, z: -.338048548}
  - {x: 1.64281058, y: -.716403067, z: -.648594797}
  - {x: .979327023, y: -.719444931, z: .153145954}
  - {x: 1.21206188, y: -.317265034, z: .0820495933}
  - {x: 1.03068113, y: .193902299, z: .609585702}
  - {x: 2.04353905, y: -.361579657, z: .647699594}
  - {x: .937045813, y: -.244882628, z: .362544924}
  - {x: 2.01471019, y: .0673574284, z: -.439697385}
  - {x: 1.64425111, y: -.358127832, z: -.418453157}
  - {x: 2.3923347, y: -.097365424, z: .935963035}
  - {x: 1.81718433, y: .3190054, z: .623479486}
  - {x: .776906133, y: -.477619201, z: -.0461272746}
  - {x: 1.76651871, y: -.316286176, z: -.0339988172}
  - {x: 1.1954236, y: -.0942662284, z: .172827333}
  - {x: 1.5523212, y: -.386393458, z: .775093019}
  - {x: 1.7571435, y: -.0387335829, z: .622040272}
  - {x: .754050136, y: .538836777, z: .375695318}
  - {x: 1.31490541, y: -.150276572, z: -.413159877}
  - {x: 2.03028631, y: -.0883831233, z: .333188891}
  - {x: .655025065, y: .460800856, z: -.530233383}
  - {x: 1.94374323, y: -.0441500433, z: .0138415024}
  - {x: 1.34262717, y: .204931706, z: .574577093}
  - {x: 1.58965027, y: .273019046, z: -.00575587153}
  - {x: .83868444, y: -.622711003, z: -.630639851}
  - {x: .609108925, y: .377415061, z: -.285617322}
  - {x: 1.54291999, y: -.311171025, z: .347607583}
  - {x: .94094491, y: -.812295794, z: -.56672436}
  - {x: .652305841, y: .0404450521, z: .391298503}
  - {x: 1.34518111, y: -.329832911, z: -.0668239295}
  - {x: 1.24142337, y: -.822759092, z: -.735436022}
  - {x: 1.2100538, y: .0415893905, z: -.225123435}
  - {x: 1.485533, y: .223510265, z: -.521850944}
  - {x: 1.98477352, y: -.564027309, z: -.131862998}
  - {x: .910684168, y: .100698151, z: .144530371}
  - {x: 2.88598394, y: -1.24738681, z: .0972794741}
  - {x: 3.05660152, y: -1.29677463, z: -.036291182}
  - {x: 2.50016308, y: -.336112976, z: -.474201441}
  - {x: 2.51275659, y: -.332673609, z: -.743662834}
  - {x: 2.4096632, y: -1.52255225, z: -.277483523}
  - {x: 2.9529562, y: -.921884358, z: -.194362372}
  - {x: 3.61576962, y: -.784936845, z: -.986770213}
  - {x: 3.12579918, y: -.593637764, z: -.334986955}
  - {x: 2.66331792, y: -1.32687712, z: -.454572439}
  - {x: 2.49348354, y: -.499654233, z: -.0464207418}
  - {x: 3.11461067, y: -1.07853568, z: -.0303435102}
  - {x: 2.72365594, y: -.225138545, z: -.0683692992}
  - {x: 3.60037851, y: -.557347178, z: .319938451}
  - {x: 3.2735343, y: -.487894803, z: -.691102445}
  - {x: 3.51550245, y: -.938576579, z: -.421932012}
  - {x: 3.24806881, y: -.91996789, z: -.528874516}
  - {x: 2.86341047, y: -1.23812079, z: -.771675348}
  - {x: 3.71830106, y: -.463187635, z: -.701741278}
  - {x: 2.61375403, y: -.671327472, z: .0920988172}
  - {x: 2.82496166, y: -1.08375669, z: .371156782}
  - {x: 2.76822925, y: -.4836137, z: -.364284813}
  - {x: 3.41782594, y: -.548805237, z: -1.11480641}
  - {x: 3.50859237, y: -1.22710621, z: -.153337002}
  - {x: 3.82946587, y: -1.24595094, z: -.946186423}
  - {x: 3.73883343, y: -.671893656, z: .0957838297}
  - {x: 3.22612333, y: -.62887466, z: -.847091079}
  - {x: 3.37270331, y: -1.05575323, z: -1.02384663}
  - {x: 2.90004063, y: -.869819105, z: -.654848754}
  - {x: 3.38218784, y: -.470217079, z: .328183383}
  - {x: 3.1040144, y: -.984306991, z: -.792752683}
  - {x: 3.89709353, y: -.334752858, z: .340471625}
  - {x: 2.47569704, y: -1.18164444, z: -.554038644}
  - {x: 2.4562974, y: -.908378303, z: -.693631887}
  - {x: 3.36172915, y: -.170326352, z: .328416824}
  - {x: 3.27229691, y: -1.30715525, z: .238210902}
  - {x: 2.96477127, y: -1.42537296, z: -.193717062}
  - {x: 3.05902147, y: -.629222631, z: .225506574}
  - {x: 2.76399636, y: -.531638324, z: .216602132}
  - {x: 3.5531702, y: -.717581451, z: -.16176483}
  - {x: 2.99390125, y: -.274803996, z: -.754550338}
  - {x: 3.09475613, y: -1.00618017, z: .189439341}
  - {x: 3.54629803, y: -1.20645511, z: .376029372}
  - {x: 3.86824656, y: -.912058532, z: .258225262}
  - {x: 3.74262404, y: -1.00027931, z: -.745786786}
  - {x: 3.11863351, y: -1.1213088, z: -.265198588}
  - {x: 3.84878373, y: -1.50232244, z: -.595756471}
  - {x: 2.41302896, y: -1.26759064, z: .375289053}
  - {x: 2.92756462, y: -.556464195, z: -.160914943}
  - {x: 2.25414634, y: -.368021995, z: -.274669528}
  - {x: 2.48032999, y: -1.1125561, z: -.0643455014}
  - {x: 2.81369734, y: -.283850074, z: .721547723}
  - {x: 2.2694242, y: -.211209178, z: -.600255787}
  - {x: 3.39956284, y: -.340843171, z: -.812262058}
  - {x: 2.79921985, y: -.803199291, z: .109585352}
  - {x: 3.39823055, y: -1.44309139, z: .0106558837}
  - {x: 3.06544161, y: -.0175555348, z: -1.04190576}
  - {x: 2.8410995, y: -.141634703, z: -.324396789}
  - {x: 2.63258052, y: -.353191406, z: .621472061}
  - {x: -.924169719, y: .603962004, z: 2.18883491}
  - {x: -.224973008, y: .621791899, z: 1.64733064}
  - {x: -.733283579, y: .980553746, z: 2.17046905}
  - {x: -1.38889766, y: 1.26419997, z: 2.83776951}
  - {x: -1.6667279, y: 1.30258238, z: 2.1396153}
  - {x: -1.9019556, y: 1.06972194, z: 2.59357357}
  - {x: .0919498801, y: .000715732574, z: 1.66744554}
  - {x: -.843785524, y: .381812662, z: 2.58511734}
  - {x: -.291701645, y: .233332962, z: 1.83123255}
  - {x: -1.15163493, y: 1.40208626, z: 1.16770947}
  - {x: -1.19267106, y: .732001364, z: 1.325755}
  - {x: .0014452826, y: .970924735, z: 1.02686357}
  - {x: -.532951713, y: 1.44150329, z: 2.82681012}
  - {x: -.884567261, y: -.316956997, z: 1.73625422}
  - {x: -1.50554955, y: 1.25745201, z: 2.48307705}
  - {x: -.725114465, y: .0260757208, z: .761958897}
  - {x: -.222193763, y: .926444471, z: 1.23124433}
  - {x: -1.52826214, y: .224475831, z: 2.48526669}
  - {x: -.624581873, y: 1.04853427, z: 1.40542364}
  - {x: -1.04090321, y: .229522586, z: 1.39400041}
  - {x: -1.29804802, y: .491569817, z: 2.1049962}
  - {x: -.528547049, y: -.0618047118, z: 1.07894468}
  - {x: -.406380981, y: .972608089, z: 2.51362014}
  - {x: -.280709088, y: 1.19004035, z: 1.65764534}
  - {x: -.86740762, y: .677520633, z: .632449329}
  - {x: .0875002742, y: 1.27810764, z: .961766064}
  - {x: .188342869, y: 1.37421989, z: 1.68899953}
  - {x: -1.52568686, y: .759518862, z: 1.93072176}
  - {x: -.821143806, y: .223096162, z: 1.56867719}
  - {x: -1.32698095, y: 1.68226719, z: 1.46680868}
  - {x: -.786338568, y: .128466904, z: 2.18007374}
  - {x: -.551533401, y: 1.19855833, z: 1.11153865}
  - {x: -1.13520288, y: .327764928, z: 1.65040457}
  - {x: -.977932096, y: .496901929, z: 1.80389643}
  - {x: .0639595687, y: -.0488697886, z: 1.28770876}
  - {x: -.510665238, y: 1.49031138, z: .766460359}
  - {x: -.64492178, y: .0235824585, z: 3.13247299}
  - {x: -1.0440563, y: .498366416, z: 1.02218556}
  - {x: -.437714785, y: .966614008, z: 1.90405107}
  - {x: -.553530276, y: -.133235216, z: 2.82173681}
  - {x: -1.32194006, y: .538460672, z: 2.57636929}
  - {x: -1.33171999, y: -.383640468, z: 1.37877202}
  - {x: -.111308642, y: 1.44684196, z: 1.73412156}
  - {x: -.509886801, y: -.277513385, z: 1.82061446}
  - {x: -.696143687, y: -.166959941, z: 1.64341497}
  - {x: -1.03907406, y: 1.21493626, z: 1.80110431}
  - {x: -.700498998, y: 1.38021469, z: 2.72381091}
  - {x: .110213153, y: .542223692, z: 1.34202039}
  - {x: -.650981665, y: .781880081, z: 2.91053486}
  - {x: -.713238895, y: 1.42740941, z: 1.28438687}
  - {x: -.733203053, y: -.20654434, z: 3.28447747}
  - {x: -1.89180195, y: -.0466045737, z: 2.64135695}
  - {x: -.936453342, y: .117135644, z: 1.95173085}
  - {x: -1.36375594, y: .714647949, z: 1.52528858}
  - {x: -1.02210975, y: .222757667, z: 2.25083756}
  - {x: -.772138536, y: .827824652, z: 1.16868663}
  - {x: -.466824621, y: .201086164, z: 2.05816197}
  - {x: -1.03309774, y: 1.38174844, z: 2.8864193}
  - {x: -.228452504, y: -.438754618, z: 1.41694164}
  - {x: -.487126738, y: 1.41700804, z: 2.20639849}
  - {x: -.29714179, y: -.123995543, z: 1.37012398}
  - {x: -1.08235312, y: 1.24571073, z: 2.23247027}
  - {x: -1.2200104, y: -.0255999565, z: 1.21234405}
  - {x: .213636935, y: -.251843512, z: 1.49755061}
  - {x: -1.1609236, y: -.0267955661, z: 2.07119393}
  - {x: -.28688249, y: 1.15746689, z: .911576688}
  - {x: -1.08385444, y: 1.42502832, z: 1.45093834}
  m_Rotations:
  - -174.86586
  - -132.985214
  - -103.913841
  - -153.577759
  - 126.235992
  - 74.6775818
  - -166.700317
  - 117.291618
  - -19.119194
  - -129.992554
  - 111.764465
  - -117.449387
  - -165.538986
  - -154.588928
  - 3.62632513
  - -121.394676
  - -126.373032
  - 108.653229
  - 53.0574303
  - -.969221592
  - 166.943085
  - -134.689636
  - -138.508072
  - 105.440071
  - -84.0725098
  - -58.7782516
  - -161.196304
  - 141.535019
  - -48.0089455
  - 85.9781799
  - -148.378128
  - -23.9510326
  - -92.6483917
  - -89.9596405
  - 158.630432
  - -33.4009476
  - -126.47229
  - -107.762062
  - -160.902328
  - -93.810585
  - -60.237072
  - 98.7203445
  - -92.1146088
  - 84.6838913
  - -153.843781
  - 151.519958
  - -1.5260911
  - 38.0192833
  - -164.156723
  - 139.09906
  - -150.389481
  - 164.308563
  - -172.866348
  - 59.2453499
  - -116.134888
  - -11.0070782
  - 171.686874
  - -97.2063904
  - 170.472961
  - 143.48732
  - 89.603363
  - 145.262421
  - 15.0272579
  - 172.378403
  - 142.958694
  - -168.992508
  - -168.257553
  - 129.435898
  - 178.085281
  - -82.3779526
  - 119.172646
  - -169.937469
  - 128.856873
  - -52.2246056
  - -96.0776672
  - 93.4645462
  - -40.6539841
  - 91.1985321
  - 124.428955
  - -74.0641785
  - .456726551
  - -104.917801
  - -95.6965408
  - 121.779282
  - 146.656494
  - 99.9025345
  - 8.58931351
  - -108.396774
  - 20.0528164
  - 59.2322617
  - -87.0457687
  - -77.4196014
  - -117.818153
  - -8.84371567
  - -48.2089729
  - -47.776516
  - 126.882904
  - 121.366394
  - -86.4521637
  - 32.5843124
  - 59.773037
  - -34.8554344
  - -112.082863
  - 170.992798
  - 10.4902916
  - -76.5822372
  - -104.251846
  - 133.250549
  - -80.3738556
  - -153.909485
  - -172.053711
  - -162.28476
  - -178.293213
  - 68.4500046
  - 56.5509987
  - -53.8034172
  - -86.4625931
  - -160.790924
  - 15.6637363
  - -111.207176
  - -137.686203
  - -68.88134
  - -104.40432
  - 101.495033
  - -146.958023
  - 128.424072
  - 89.6199341
  - 102.715508
  - 146.264847
  - -20.8312149
  - 17.8271408
  - -130.227692
  - -171.306854
  - -120.144852
  - -108.12384
  - 161.211624
  - -120.564606
  - -20.205595
  - 4.65461969
  - -158.692062
  - -153.272964
  - -96.5516739
  - -73.898056
  - -157.41095
  - 168.199173
  - 20.4805546
  - 33.0018349
  - -129.674423
  - 35.6036224
  - 17.9031448
  - 179.157913
  - 84.7017059
  - 168.800644
  - 170.58493
  - 41.0208664
  - -105.532265
  - 37.7278862
  - -85.5702591
  - 152.282257
  - -48.6225471
  - 37.4727135
  - -12.2611923
  - 161.297272
  - 53.7346764
  - 172.013367
  - -92.3061829
  - -22.8802948
  - -106.612183
  - -11.0783176
  - 37.7298622
  - 126.83419
  - 105.046196
  - -123.594864
  - -178.115677
  - 21.2106304
  - 89.3865967
  - -160.910309
  - -38.1825333
  - 167.802216
  - 104.496017
  - -111.231422
  - -175.283218
  - 51.0925522
  - -179.540756
  - 47.2676773
  - -129.491348
  - 89.1428833
  - 73.9487076
  - -60.8023949
  - 129.208359
  - -55.72332
  - 65.2621689
  - 54.2663574
  - 23.8372631
  - -150.357986
  - -138.88736
  - -39.056675
  - -55.8708649
  - 23.5045834
  - -151.098358
  - -149.66069
  - -102.291252
  - 90.2919006
  - 65.386322
  - -3.31265688
  - 88.9040604
  - -102.217316
  - 57.5504951
  - -83.4965897
  - 55.6693001
  - -51.1928787
  - 143.327713
  - 80.8905182
  - 20.3160172
  - 135.42868
  - 99.2647705
  - -87.8917618
  - 106.432358
  - -66.4024582
  - 107.968689
  - -120.616409
  - 150.220184
  - -163.145294
  - 16.0072727
  - 167.178482
  - 12.7846317
  - 81.7111511
  - 48.3048553
  - 111.508041
  - -61.1737862
  - 43.0136414
  - 33.2277832
  - -2.12270021
  - -108.648216
  - 166.631439
  - 89.3502502
  - 168.877762
  - 28.2650108
  - -131.892715
  - 92.7061462
  - 57.9881897
  - 95.7444687
  - -136.495087
  - -79.0419769
  - -135.863708
  - -147.205002
  - -98.0643539
  - 140.364197
  - 118.136971
  - -176.876968
  - 134.26825
  - -92.7234497
  - -171.137817
  - -56.0008545
  - -114.332657
  - -121.72538
  - -71.7403564
  - -164.927353
  - -64.4735031
  - 57.8930893
  - 91.5161438
  - 18.7340717
  - -20.8038788
  - -21.4865322
  - 5.79196215
  - -164.322815
  - 4.73229647
  - 145.648499
  - -170.461899
  - 116.679131
  - -122.5812
  - -177.181107
  m_Sizes:
  - {x: 1.37046266, y: 1.37046266}
  - {x: 1.60448217, y: 1.60448217}
  - {x: 1.87210763, y: 1.87210763}
  - {x: 1.09534359, y: 1.09534359}
  - {x: 1.2378552, y: 1.2378552}
  - {x: 1.30783677, y: 1.30783677}
  - {x: 1.03065062, y: 1.03065062}
  - {x: 1.42485785, y: 1.42485785}
  - {x: 1.474617, y: 1.474617}
  - {x: 1.34324336, y: 1.34324336}
  - {x: 1.0083437, y: 1.0083437}
  - {x: 1.15247786, y: 1.15247786}
  - {x: 1.17349815, y: 1.17349815}
  - {x: 1.38381743, y: 1.38381743}
  - {x: 1.37766862, y: 1.37766862}
  - {x: 1.78934979, y: 1.78934979}
  - {x: 1.20732319, y: 1.20732319}
  - {x: 1.21287656, y: 1.21287656}
  - {x: 1.05947804, y: 1.05947804}
  - {x: 1.45187521, y: 1.45187521}
  - {x: 1.35608506, y: 1.35608506}
  - {x: 1.20169747, y: 1.20169747}
  - {x: 1.00691175, y: 1.00691175}
  - {x: 1.30591202, y: 1.30591202}
  - {x: 1.2966125, y: 1.2966125}
  - {x: 1.45297384, y: 1.45297384}
  - {x: 1.74777699, y: 1.74777699}
  - {x: 1.10184503, y: 1.10184503}
  - {x: 1.87859452, y: 1.87859452}
  - {x: 1.05858231, y: 1.05858231}
  - {x: 1.80435002, y: 1.80435002}
  - {x: 1.02327788, y: 1.02327788}
  - {x: 1.60822368, y: 1.60822368}
  - {x: 1.25983334, y: 1.25983334}
  - {x: 1.15518653, y: 1.15518653}
  - {x: 1.14483893, y: 1.14483893}
  - {x: 1.06216693, y: 1.06216693}
  - {x: 1.41676617, y: 1.41676617}
  - {x: 1.4718504, y: 1.4718504}
  - {x: 1.28920984, y: 1.28920984}
  - {x: 1.03948164, y: 1.03948164}
  - {x: 1.08484411, y: 1.08484411}
  - {x: 1.03279614, y: 1.03279614}
  - {x: 1.71151257, y: 1.71151257}
  - {x: 1.26417518, y: 1.26417518}
  - {x: 1.07591224, y: 1.07591224}
  - {x: 1.13201356, y: 1.13201356}
  - {x: 1.62552559, y: 1.62552559}
  - {x: 1.23094261, y: 1.23094261}
  - {x: 1.05263531, y: 1.05263531}
  - {x: 1.19849658, y: 1.19849658}
  - {x: 1.61280012, y: 1.61280012}
  - {x: 1.71743047, y: 1.71743047}
  - {x: 1.7110976, y: 1.7110976}
  - {x: 1.04629779, y: 1.04629779}
  - {x: 1.30042171, y: 1.30042171}
  - {x: 1.7922188, y: 1.7922188}
  - {x: 1.84816074, y: 1.84816074}
  - {x: 1.46038342, y: 1.46038342}
  - {x: 1.15758681, y: 1.15758681}
  - {x: 1.19730985, y: 1.19730985}
  - {x: 1.17810559, y: 1.17810559}
  - {x: 1.00024486, y: 1.00024486}
  - {x: 1.13263834, y: 1.13263834}
  - {x: 1.33608747, y: 1.33608747}
  - {x: 1.04379189, y: 1.04379189}
  - {x: 1.05122888, y: 1.05122888}
  - {x: 1.72421575, y: 1.72421575}
  - {x: 1.11323333, y: 1.11323333}
  - {x: 1.8666867, y: 1.8666867}
  - {x: 1.55297112, y: 1.55297112}
  - {x: 1.43104005, y: 1.43104005}
  - {x: 1.33019423, y: 1.33019423}
  - {x: 1.3015275, y: 1.3015275}
  - {x: 1.33819342, y: 1.33819342}
  - {x: 1.08843899, y: 1.08843899}
  - {x: 1.00681853, y: 1.00681853}
  - {x: 1.17885232, y: 1.17885232}
  - {x: 1.86729825, y: 1.86729825}
  - {x: 1.75301456, y: 1.75301456}
  - {x: 1.59876943, y: 1.59876943}
  - {x: 1.36176181, y: 1.36176181}
  - {x: 1.17480683, y: 1.17480683}
  - {x: 1.35685062, y: 1.35685062}
  - {x: 1.05594099, y: 1.05594099}
  - {x: 1.53480148, y: 1.53480148}
  - {x: 1.04288018, y: 1.04288018}
  - {x: 1.39561224, y: 1.39561224}
  - {x: 1.11244905, y: 1.11244905}
  - {x: 1.19104707, y: 1.19104707}
  - {x: 1.51789784, y: 1.51789784}
  - {x: 1.61916304, y: 1.61916304}
  - {x: 1.07031727, y: 1.07031727}
  - {x: 1.06418896, y: 1.06418896}
  - {x: 1.98652792, y: 1.98652792}
  - {x: 1.25388598, y: 1.25388598}
  - {x: 1.84866023, y: 1.84866023}
  - {x: 1.03955746, y: 1.03955746}
  - {x: 1.53544021, y: 1.53544021}
  - {x: 1.20570028, y: 1.20570028}
  - {x: 1.16586792, y: 1.16586792}
  - {x: 1.14515114, y: 1.14515114}
  - {x: 1.75651276, y: 1.75651276}
  - {x: 1.75795877, y: 1.75795877}
  - {x: 1.48669028, y: 1.48669028}
  - {x: 1.25044703, y: 1.25044703}
  - {x: 1.32358742, y: 1.32358742}
  - {x: 1.3266356, y: 1.3266356}
  - {x: 1.81940556, y: 1.81940556}
  - {x: 1.70928502, y: 1.70928502}
  - {x: 1.33487678, y: 1.33487678}
  - {x: 1.73481619, y: 1.73481619}
  - {x: 1.32889056, y: 1.32889056}
  - {x: 1.0025214, y: 1.0025214}
  - {x: 1.22087014, y: 1.22087014}
  - {x: 1.42242432, y: 1.42242432}
  - {x: 1.04426444, y: 1.04426444}
  - {x: 1.69670606, y: 1.69670606}
  - {x: 1.11092627, y: 1.11092627}
  - {x: 1.48980594, y: 1.48980594}
  - {x: 1.08223009, y: 1.08223009}
  - {x: 1.76030064, y: 1.76030064}
  - {x: 1.01051915, y: 1.01051915}
  - {x: 1.40577388, y: 1.40577388}
  - {x: 1.63180315, y: 1.63180315}
  - {x: 1.35510254, y: 1.35510254}
  - {x: 1.778561, y: 1.778561}
  - {x: 1.27535534, y: 1.27535534}
  - {x: 1.1234622, y: 1.1234622}
  - {x: 1.02758658, y: 1.02758658}
  - {x: 1.5261302, y: 1.5261302}
  - {x: 1.67532945, y: 1.67532945}
  - {x: 1.10916388, y: 1.10916388}
  - {x: 1.39109421, y: 1.39109421}
  - {x: 1.49484372, y: 1.49484372}
  - {x: 1.49583364, y: 1.49583364}
  - {x: 1.12844384, y: 1.12844384}
  - {x: 1.1447587, y: 1.1447587}
  - {x: 1.3538425, y: 1.3538425}
  - {x: 1.19587564, y: 1.19587564}
  - {x: 1.02207255, y: 1.02207255}
  - {x: 1.57327485, y: 1.57327485}
  - {x: 1.15388513, y: 1.15388513}
  - {x: 1.33312392, y: 1.33312392}
  - {x: 1.45292497, y: 1.45292497}
  - {x: 1.23885667, y: 1.23885667}
  - {x: 1.71429718, y: 1.71429718}
  - {x: 1.03202295, y: 1.03202295}
  - {x: 1.39198923, y: 1.39198923}
  - {x: 1.01086497, y: 1.01086497}
  - {x: 1.41486573, y: 1.41486573}
  - {x: 1.31630063, y: 1.31630063}
  - {x: 1.95370674, y: 1.95370674}
  - {x: 1.49958467, y: 1.49958467}
  - {x: 1.666821, y: 1.666821}
  - {x: 1.38354969, y: 1.38354969}
  - {x: 1.46498966, y: 1.46498966}
  - {x: 1.20206881, y: 1.20206881}
  - {x: 1.1717242, y: 1.1717242}
  - {x: 1.14803171, y: 1.14803171}
  - {x: 1.13353622, y: 1.13353622}
  - {x: 1.4480412, y: 1.4480412}
  - {x: 1.37010407, y: 1.37010407}
  - {x: 1.36146116, y: 1.36146116}
  - {x: 1.34661436, y: 1.34661436}
  - {x: 1.22873616, y: 1.22873616}
  - {x: 1.95236766, y: 1.95236766}
  - {x: 1.86700857, y: 1.86700857}
  - {x: 1.14124238, y: 1.14124238}
  - {x: 1.60106325, y: 1.60106325}
  - {x: 1.0032053, y: 1.0032053}
  - {x: 1.54368401, y: 1.54368401}
  - {x: 1.64693582, y: 1.64693582}
  - {x: 1.38345456, y: 1.38345456}
  - {x: 1.40863252, y: 1.40863252}
  - {x: 1.49678349, y: 1.49678349}
  - {x: 1.68304372, y: 1.68304372}
  - {x: 1.39001632, y: 1.39001632}
  - {x: 1.81576884, y: 1.81576884}
  - {x: 1.42761302, y: 1.42761302}
  - {x: 1.07902205, y: 1.07902205}
  - {x: 1.69605374, y: 1.69605374}
  - {x: 1.19896173, y: 1.19896173}
  - {x: 1.9607234, y: 1.9607234}
  - {x: 1.09100366, y: 1.09100366}
  - {x: 1.71092105, y: 1.71092105}
  - {x: 1.33405733, y: 1.33405733}
  - {x: 1.76348269, y: 1.76348269}
  - {x: 1.36591148, y: 1.36591148}
  - {x: 1.50889564, y: 1.50889564}
  - {x: 1.4009769, y: 1.4009769}
  - {x: 1.08757699, y: 1.08757699}
  - {x: 1.24424756, y: 1.24424756}
  - {x: 1.20477152, y: 1.20477152}
  - {x: 1.34398127, y: 1.34398127}
  - {x: 1.00463617, y: 1.00463617}
  - {x: 1.42268443, y: 1.42268443}
  - {x: 1.13748026, y: 1.13748026}
  - {x: 1.41150784, y: 1.41150784}
  - {x: 1.18983459, y: 1.18983459}
  - {x: 1.66617954, y: 1.66617954}
  - {x: 1.07126212, y: 1.07126212}
  - {x: 1.04408634, y: 1.04408634}
  - {x: 1.24447238, y: 1.24447238}
  - {x: 1.59645438, y: 1.59645438}
  - {x: 1.37011194, y: 1.37011194}
  - {x: 1.74527919, y: 1.74527919}
  - {x: 1.19209051, y: 1.19209051}
  - {x: 1.25324845, y: 1.25324845}
  - {x: 1.29158521, y: 1.29158521}
  - {x: 1.23161232, y: 1.23161232}
  - {x: 1.47410369, y: 1.47410369}
  - {x: 1.61496568, y: 1.61496568}
  - {x: 1.2307303, y: 1.2307303}
  - {x: 1.37427139, y: 1.37427139}
  - {x: 1.39244843, y: 1.39244843}
  - {x: 1.47349024, y: 1.47349024}
  - {x: 1.06224585, y: 1.06224585}
  - {x: 1.33090591, y: 1.33090591}
  - {x: 1.79156256, y: 1.79156256}
  - {x: 1.71379745, y: 1.71379745}
  - {x: 1.92214203, y: 1.92214203}
  - {x: 1.6559236, y: 1.6559236}
  - {x: 1.20744407, y: 1.20744407}
  - {x: 1.84349871, y: 1.84349871}
  - {x: 1.76886094, y: 1.76886094}
  - {x: 1.5086329, y: 1.5086329}
  - {x: 1.62478495, y: 1.62478495}
  - {x: 1.70137143, y: 1.70137143}
  - {x: 1.17823708, y: 1.17823708}
  - {x: 1.02986681, y: 1.02986681}
  - {x: 1.01862395, y: 1.01862395}
  - {x: 1.53829193, y: 1.53829193}
  - {x: 1.10299695, y: 1.10299695}
  - {x: 1.09629238, y: 1.09629238}
  - {x: 1.17865467, y: 1.17865467}
  - {x: 1.99126315, y: 1.99126315}
  - {x: 1.55153251, y: 1.55153251}
  - {x: 1.16269517, y: 1.16269517}
  - {x: 1.59754753, y: 1.59754753}
  - {x: 1.46603179, y: 1.46603179}
  - {x: 1.43651652, y: 1.43651652}
  - {x: 1.51433706, y: 1.51433706}
  - {x: 1.26892042, y: 1.26892042}
  - {x: 1.47412252, y: 1.47412252}
  - {x: 1.81988037, y: 1.81988037}
  - {x: 1.02578962, y: 1.02578962}
  - {x: 1.49388146, y: 1.49388146}
  - {x: 1.31477427, y: 1.31477427}
  - {x: 1.46924591, y: 1.46924591}
  - {x: 1.36303973, y: 1.36303973}
  - {x: 1.66037619, y: 1.66037619}
  - {x: 1.80479085, y: 1.80479085}
  - {x: 1.66645122, y: 1.66645122}
  - {x: 1.01031876, y: 1.01031876}
  - {x: 1.20452344, y: 1.20452344}
  - {x: 1.33258533, y: 1.33258533}
  - {x: 1.94035542, y: 1.94035542}
  - {x: 1.29102564, y: 1.29102564}
  - {x: 1.6516844, y: 1.6516844}
  - {x: 1.88598239, y: 1.88598239}
  - {x: 1.84796703, y: 1.84796703}
  - {x: 1.47397208, y: 1.47397208}
  - {x: 1.09464407, y: 1.09464407}
  - {x: 1.53012228, y: 1.53012228}
  - {x: 1.5787437, y: 1.5787437}
  - {x: 1.85139656, y: 1.85139656}
  - {x: 1.12278163, y: 1.12278163}
  - {x: 1.37058401, y: 1.37058401}
  - {x: 1.46233153, y: 1.46233153}
  - {x: 1.32664824, y: 1.32664824}
  - {x: 1.06492317, y: 1.06492317}
  m_UVIndices: 0800000008000000080000000800000008000000080000000800000008000000080000000800000008000000070000000700000007000000070000000700000007000000070000000700000007000000070000000700000007000000070000000700000007000000070000000700000007000000070000000700000007000000070000000a0000000a0000000a0000000a0000000a0000000a0000000a0000000a0000000a0000000a0000000a0000000a0000000a0000000a0000000a0000000a0000000a0000000a0000000a000000080000000800000008000000080000000800000008000000080000000800000008000000080000000700000007000000070000000700000007000000070000000700000007000000070000000700000007000000070000000700000007000000070000000700000007000000070000000700000007000000070000000700000007000000070000000700000007000000070000000a0000000a0000000a0000000a0000000a0000000a0000000a0000000a0000000a0000000a0000000a0000000a0000000a0000000a0000000a0000000800000008000000080000000800000008000000080000000800000008000000080000000800000007000000070000000700000007000000070000000700000007000000070000000700000007000000070000000700000007000000070000000700000007000000070000000700000007000000070000000a0000000a0000000a0000000a0000000a0000000a0000000a0000000a0000000a0000000a0000000a0000000a0000000a00000008000000080000000800000008000000080000000800000008000000080000000800000008000000080000000800000008000000070000000700000007000000070000000700000007000000070000000700000007000000070000000700000007000000070000000700000007000000070000000700000007000000070000000700000007000000070000000700000007000000070000000a0000000a0000000a0000000a0000000a0000000a0000000a0000000a0000000a0000000a0000000a0000000a0000000a0000000a0000000a0000000a0000000a0000000a0000000a0000000a0000000800000008000000080000000800000008000000080000000800000008000000080000000800000008000000080000000800000008000000080000000800000007000000070000000700000007000000070000000700000007000000070000000700000007000000070000000700000007000000070000000700000007000000070000000700000007000000070000000700000007000000070000000700000007000000070000000700000007000000070000000700000007000000070000000a0000000a0000000a0000000a0000000a0000000a0000000a0000000a0000000a0000000a0000000a0000000a0000000a0000000a0000000a0000000a0000000a0000000a0000000a000000
  m_IsSquareds: 0101010101010101010101010101010101010101010101010101010101010101010101010101010101010101010101010101010101010101010101010101010101010101010101010101010101010101010101010101010101010101010101010101010101010101010101010101010101010101010101010101010101010101010101010101010101010101010101010101010101010101010101010101010101010101010101010101010101010101010101010101010101010101010101010101010101010101010101010101010101010101010101010101010101010101010101010101010101010101010101010101010101010101010101010101010101010101010101010101010101010101
  m_IsCoreParticles: 0000000000000000010001000000000001010001000000000001010100000000000100000000000000000100000000000000000101010101010101010101010101010101010101010101010101010101010101010101010101010101010101010101010101010101010001000101010101010101010100010101000101010101010101010101010101010101010101010101010000000000000000000000000000000000000000000000000000000000000000000000000000000000000000000000000000000000000000000000010000000001000100010100010001010001010001000101010000010000010100010100010000000100010100000100010000000000010000010001000101000100
  m_ShadingGroupIndices: 0100000001000000010000000100000001000000010000000100000001000000010000000100000001000000010000000100000001000000010000000100000001000000010000000100000001000000010000000100000001000000010000000100000001000000010000000100000001000000010000000100000001000000010000000100000001000000010000000100000001000000010000000100000001000000010000000100000001000000010000000100000001000000010000000100000001000000010000000100000000000000000000000000000000000000000000000000000000000000000000000000000000000000000000000000000000000000000000000000000000000000000000000000000000000000000000000000000000000000000000000000000000000000000000000000000000000000000000000000000000000000000000000000000000000000000000000000000000000000000000000000000000000000000000000000000000000000000000000000000000000000000000000000000000000000000000000000000000000000000000000000000000000000000000000000000000000000000000000000000000000000000000000000000000000000000000000000000000000000000000000000000000000000000000000000000000000000000000000000000000000000000000000000000000000000000000000000000000000000000000000000000000000000000000000000000000000000000000000000000000000000000000000000000000000000000000000000000000000000000000000000000000000000000000000000000000000000000000000000000000000000000000000000000000000000000000000000000000000000000000000000000000000000000000000000000000000000000000000000000000000000000000000000000000000000000000000000000000000000000000000000000000000000000000000000000000000000000000000000000000000000000000000000000000000000000000000000000000000000000000000000000000000000000000000000000000000000000000000000000000000000000000000000000001000000010000000100000001000000010000000100000001000000010000000100000001000000010000000100000001000000010000000100000001000000010000000100000001000000010000000100000001000000010000000100000001000000010000000100000001000000010000000100000001000000010000000100000001000000010000000100000001000000010000000100000001000000010000000100000001000000010000000100000001000000010000000100000001000000010000000100000001000000010000000100000001000000010000000100000001000000010000000100000001000000010000000100000001000000010000000100000001000000
--- !u!1002 &11400005
EditorExtensionImpl:
  serializedVersion: 6
--- !u!114 &11400006
MonoBehaviour:
  m_ObjectHideFlags: 1
  m_PrefabParentObject: {fileID: 0}
  m_PrefabInternal: {fileID: 100100000}
  m_GameObject: {fileID: 100000}
  m_Enabled: 1
  m_EditorHideFlags: 0
  m_Script: {fileID: 11500000, guid: 7395743f42a52794f811aa557fa34ad6, type: 3}
  m_Name: 
  m_EditorClassIdentifier: 
  useParticleColor: 0
  m_MeshFilter: {fileID: 3300000}
  m_MeshRenderer: {fileID: 2300000}
--- !u!1002 &11400007
EditorExtensionImpl:
  serializedVersion: 6
--- !u!1001 &100100000
Prefab:
  m_ObjectHideFlags: 1
  serializedVersion: 2
  m_Modification:
    m_TransformParent: {fileID: 0}
    m_Modifications: []
    m_RemovedComponents: []
  m_ParentPrefab: {fileID: 0}
  m_RootGameObject: {fileID: 100000}
  m_IsPrefabParent: 1
  m_IsExploded: 1
--- !u!1002 &100100001
EditorExtensionImpl:
  serializedVersion: 6
